<?xml version="1.0" encoding="UTF-8"?>
<OAI-PMH xmlns="http://www.openarchives.org/OAI/2.0/" xmlns:xsi="http://www.w3.org/2001/XMLSchema-instance" xsi:schemaLocation="http://www.openarchives.org/OAI/2.0/ http://www.openarchives.org/OAI/2.0/OAI-PMH.xsd">
  <ListRecords>
    <record>
      <header>
        <identifier>aleph-publish:001840670</identifier>
      </header>
      <metadata>
        <record xmlns="http://www.ddb.de/professionell/mabxml/mabxml-1.xsd">
          <leader>00000cM2.01200024------h</leader>
          <controlfield tag="LDR">00000cM2.01200024------h</controlfield>
          <controlfield tag="FMT">MH</controlfield>
          <datafield tag="001" ind1="-" ind2="1">
            <subfield code="a">HT018861957</subfield>
          </datafield>
          <datafield tag="002" ind1="b" ind2="1">
            <subfield code="a">20160120</subfield>
          </datafield>
          <datafield tag="003" ind1="-" ind2="1">
            <subfield code="a">20160128</subfield>
          </datafield>
          <datafield tag="004" ind1="-" ind2="1">
            <subfield code="a">20150424</subfield>
          </datafield>
          <datafield tag="020" ind1="a" ind2="1">
            <subfield code="a">1058699288</subfield>
            <subfield code="b">DNB</subfield>
          </datafield>
          <datafield tag="025" ind1="a" ind2="1">
            <subfield code="a">1058699288</subfield>
          </datafield>
          <datafield tag="026" ind1="-" ind2="1">
            <subfield code="a">DNB1058699288</subfield>
          </datafield>
          <controlfield tag="030">a||da||||||17</controlfield>
          <datafield tag="036" ind1="a" ind2="1">
            <subfield code="a">XA-DE-HE</subfield>
          </datafield>
          <datafield tag="037" ind1="b" ind2="1">
            <subfield code="a">ger</subfield>
          </datafield>
          <controlfield tag="050">a|a|||||||||||</controlfield>
          <controlfield tag="051">m|||||||</controlfield>
          <datafield tag="070" ind1="-" ind2="1">
            <subfield code="a">466</subfield>
          </datafield>
          <datafield tag="070" ind1="a" ind2="1">
            <subfield code="a">DNB</subfield>
          </datafield>
          <datafield tag="070" ind1="b" ind2="1">
            <subfield code="a">466</subfield>
          </datafield>
          <datafield tag="080" ind1="-" ind2="1">
            <subfield code="a">60</subfield>
          </datafield>
          <datafield tag="100" ind1="-" ind2="1">
            <subfield code="p">Heger, Wolfram</subfield>
            <subfield code="9">(DE-588)130881198</subfield>
          </datafield>
          <datafield tag="331" ind1="-" ind2="1">
            <subfield code="a">100 Nachhaltigkeits- &amp; CR-Kennzahlen</subfield>
          </datafield>
          <datafield tag="359" ind1="-" ind2="1">
            <subfield code="a">Wolfram Heger</subfield>
          </datafield>
          <datafield tag="370" ind1="c" ind2="1">
            <subfield code="a">Hundert Nachhaltigkeits- &amp; CR-Kennzahlen</subfield>
          </datafield>
          <datafield tag="403" ind1="-" ind2="1">
            <subfield code="a">1. Aufl.</subfield>
          </datafield>
          <datafield tag="410" ind1="-" ind2="1">
            <subfield code="a">Wiesbaden</subfield>
          </datafield>
          <datafield tag="412" ind1="-" ind2="1">
            <subfield code="a">Cometis</subfield>
          </datafield>
          <datafield tag="425" ind1="a" ind2="1">
            <subfield code="a">2014</subfield>
          </datafield>
          <datafield tag="433" ind1="-" ind2="1">
            <subfield code="a">149 S.</subfield>
          </datafield>
          <datafield tag="435" ind1="-" ind2="1">
            <subfield code="a">15 cm, 80 g</subfield>
          </datafield>
          <datafield tag="501" ind1="-" ind2="1">
            <subfield code="a">Literaturangaben</subfield>
          </datafield>
          <datafield tag="540" ind1="a" ind2="1">
            <subfield code="a">978-3-942908-01-6</subfield>
            <subfield code="b">kart. : EUR 19.90 (DE), EUR 19.90 (AT), sfr 28.50 (freier Pr.)</subfield>
          </datafield>
          <datafield tag="540" ind1="a" ind2="1">
            <subfield code="a">3-942908-01-8</subfield>
          </datafield>
          <datafield tag="553" ind1="a" ind2="1">
            <subfield code="a">9783942908016</subfield>
          </datafield>
          <datafield tag="568" ind1="-" ind2="1">
            <subfield code="a">14,N40</subfield>
          </datafield>
          <datafield tag="574" ind1="-" ind2="1">
            <subfield code="a">15,A17</subfield>
          </datafield>
          <datafield tag="655" ind1="e" ind2="1">
            <subfield code="m">B:DE-101</subfield>
            <subfield code="q">application/pdf</subfield>
            <subfield code="u">http://d-nb.info/1058699288/04</subfield>
            <subfield code="3">Inhaltsverzeichnis</subfield>
            <subfield code="A">2</subfield>
          </datafield>
          <datafield tag="655" ind1="e" ind2="1">
            <subfield code="m">X:MVB</subfield>
            <subfield code="q">text/html</subfield>
            <subfield code="u">http://deposit.d-nb.de/cgi-bin/dokserv?id=4782851&amp;prov=M&amp;dok_var=1&amp;dok_ext=htm</subfield>
            <subfield code="3">Inhaltstext</subfield>
            <subfield code="A">2</subfield>
          </datafield>
          <datafield tag="700" ind1="-" ind2="1">
            <subfield code="a">650</subfield>
            <subfield code="2">DNB</subfield>
          </datafield>
          <datafield tag="705" ind1="a" ind2="1">
            <subfield code="a">658.408</subfield>
            <subfield code="c">658.408</subfield>
            <subfield code="e">DDC22ger</subfield>
          </datafield>
          <datafield tag="720" ind1="-" ind2="1">
            <subfield code="a">Paperback / softback</subfield>
            <subfield code="2">Produktform</subfield>
          </datafield>
          <datafield tag="720" ind1="-" ind2="1">
            <subfield code="a">Fachhochschul-/Hochschulausbildung</subfield>
            <subfield code="2">Zielgruppe</subfield>
          </datafield>
          <datafield tag="720" ind1="-" ind2="1">
            <subfield code="a">Fachpublikum/ Wissenschaft</subfield>
            <subfield code="2">Zielgruppe</subfield>
          </datafield>
          <datafield tag="720" ind1="-" ind2="1">
            <subfield code="a">Geeignet ab ca. 15 Jahren.</subfield>
            <subfield code="2">Zielgruppe</subfield>
          </datafield>
          <datafield tag="720" ind1="-" ind2="1">
            <subfield code="a">ab 15 Jahre bis 99 Jahre</subfield>
            <subfield code="2">Zielgruppe</subfield>
          </datafield>
          <datafield tag="720" ind1="-" ind2="1">
            <subfield code="a">17</subfield>
            <subfield code="2">DNB-Sachgruppen</subfield>
          </datafield>
          <datafield tag="720" ind1="-" ind2="1">
            <subfield code="a">Kennzahlen</subfield>
          </datafield>
          <datafield tag="720" ind1="-" ind2="1">
            <subfield code="a">Nachhaltigkeit</subfield>
          </datafield>
          <datafield tag="720" ind1="-" ind2="1">
            <subfield code="a">Corporate Social Responsibility</subfield>
          </datafield>
          <datafield tag="720" ind1="-" ind2="1">
            <subfield code="a">Sustainability</subfield>
          </datafield>
          <datafield tag="720" ind1="-" ind2="1">
            <subfield code="a">Umwelt</subfield>
          </datafield>
          <datafield tag="720" ind1="-" ind2="1">
            <subfield code="a">Mitarbeiter</subfield>
          </datafield>
          <datafield tag="720" ind1="-" ind2="1">
            <subfield code="a">1974: Hardcover, Softcover / Sachbücher/Politik, Gesellschaft, Wirtschaft/Wirtschaft/Allgemeines, Nachschlagewerke</subfield>
            <subfield code="2">VLB-WN</subfield>
          </datafield>
          <datafield tag="902" ind1="-" ind2="1">
            <subfield code="s">Corporate Social Responsibility</subfield>
            <subfield code="9">(DE-588)7697760-2</subfield>
          </datafield>
          <datafield tag="902" ind1="-" ind2="1">
            <subfield code="s">Nachhaltigkeit</subfield>
            <subfield code="9">(DE-588)4326464-5</subfield>
          </datafield>
          <datafield tag="902" ind1="-" ind2="1">
            <subfield code="s">Kennzahlensystem</subfield>
            <subfield code="9">(DE-588)4199312-3</subfield>
          </datafield>
          <datafield tag="904" ind1="a" ind2="1">
            <subfield code="a">DNB</subfield>
          </datafield>
          <controlfield tag="SYS">001840670</controlfield>
          <datafield tag="UID" ind1="-" ind2="1">
            <subfield code="a">1058699288</subfield>
          </datafield>
          <datafield tag="PPE" ind1="-" ind2="1">
            <subfield code="p">Heger, W.</subfield>
            <subfield code="9">(DE-588)130881198</subfield>
          </datafield>
          <datafield tag="PPE" ind1="-" ind2="1">
            <subfield code="p">Heger, W.</subfield>
            <subfield code="9">(DE-588)130881198</subfield>
          </datafield>
          <datafield tag="PSW" ind1="-" ind2="1">
            <subfield code="s">CSR</subfield>
            <subfield code="9">(DE-588)7697760-2</subfield>
          </datafield>
          <datafield tag="PSW" ind1="-" ind2="1">
            <subfield code="s">Corporate Citizenship</subfield>
            <subfield code="9">(DE-588)7697760-2</subfield>
          </datafield>
          <datafield tag="PSW" ind1="-" ind2="1">
            <subfield code="s">Unternehmerische Gesellschaftsverantwortung</subfield>
            <subfield code="9">(DE-588)7697760-2</subfield>
          </datafield>
          <datafield tag="PSW" ind1="-" ind2="1">
            <subfield code="s">Unternehmerische Sozialverantwortung</subfield>
            <subfield code="9">(DE-588)7697760-2</subfield>
          </datafield>
          <datafield tag="PSW" ind1="-" ind2="1">
            <subfield code="s">Unternehmen</subfield>
            <subfield code="x">Soziale Verantwortung</subfield>
            <subfield code="9">(DE-588)7697760-2</subfield>
          </datafield>
          <datafield tag="PSW" ind1="-" ind2="1">
            <subfield code="s">CSR</subfield>
            <subfield code="9">(DE-588)7697760-2</subfield>
          </datafield>
          <datafield tag="PSW" ind1="-" ind2="1">
            <subfield code="s">Corporate Citizenship</subfield>
            <subfield code="9">(DE-588)7697760-2</subfield>
          </datafield>
          <datafield tag="PSW" ind1="-" ind2="1">
            <subfield code="s">Unternehmerische Gesellschaftsverantwortung</subfield>
            <subfield code="9">(DE-588)7697760-2</subfield>
          </datafield>
          <datafield tag="PSW" ind1="-" ind2="1">
            <subfield code="s">Unternehmerische Sozialverantwortung</subfield>
            <subfield code="9">(DE-588)7697760-2</subfield>
          </datafield>
          <datafield tag="PSW" ind1="-" ind2="1">
            <subfield code="s">Unternehmen</subfield>
            <subfield code="x">Soziale Verantwortung</subfield>
            <subfield code="9">(DE-588)7697760-2</subfield>
          </datafield>
          <datafield tag="PSW" ind1="-" ind2="1">
            <subfield code="s">Nachhaltige Entwicklung</subfield>
            <subfield code="9">(DE-588)4326464-5</subfield>
          </datafield>
          <datafield tag="PSW" ind1="-" ind2="1">
            <subfield code="s">Langfristige Entwicklung</subfield>
            <subfield code="9">(DE-588)4326464-5</subfield>
          </datafield>
          <datafield tag="PSW" ind1="-" ind2="1">
            <subfield code="s">Sustainable Development</subfield>
            <subfield code="9">(DE-588)4326464-5</subfield>
          </datafield>
          <datafield tag="PSW" ind1="-" ind2="1">
            <subfield code="s">Dauerhafte Entwicklung</subfield>
            <subfield code="9">(DE-588)4326464-5</subfield>
          </datafield>
          <datafield tag="PSW" ind1="-" ind2="1">
            <subfield code="s">Zukunftsfähige Entwicklung</subfield>
            <subfield code="9">(DE-588)4326464-5</subfield>
          </datafield>
          <datafield tag="PSW" ind1="-" ind2="1">
            <subfield code="s">Nachhaltige Entwicklung</subfield>
            <subfield code="9">(DE-588)4326464-5</subfield>
          </datafield>
          <datafield tag="PSW" ind1="-" ind2="1">
            <subfield code="s">Langfristige Entwicklung</subfield>
            <subfield code="9">(DE-588)4326464-5</subfield>
          </datafield>
          <datafield tag="PSW" ind1="-" ind2="1">
            <subfield code="s">Sustainable Development</subfield>
            <subfield code="9">(DE-588)4326464-5</subfield>
          </datafield>
          <datafield tag="PSW" ind1="-" ind2="1">
            <subfield code="s">Dauerhafte Entwicklung</subfield>
            <subfield code="9">(DE-588)4326464-5</subfield>
          </datafield>
          <datafield tag="PSW" ind1="-" ind2="1">
            <subfield code="s">Zukunftsfähige Entwicklung</subfield>
            <subfield code="9">(DE-588)4326464-5</subfield>
          </datafield>
          <datafield tag="PSW" ind1="-" ind2="1">
            <subfield code="s">CSR</subfield>
            <subfield code="9">(DE-588)7697760-2</subfield>
          </datafield>
          <datafield tag="PSW" ind1="-" ind2="1">
            <subfield code="s">Corporate Citizenship</subfield>
            <subfield code="9">(DE-588)7697760-2</subfield>
          </datafield>
          <datafield tag="PSW" ind1="-" ind2="1">
            <subfield code="s">Unternehmerische Gesellschaftsverantwortung</subfield>
            <subfield code="9">(DE-588)7697760-2</subfield>
          </datafield>
          <datafield tag="PSW" ind1="-" ind2="1">
            <subfield code="s">Unternehmerische Sozialverantwortung</subfield>
            <subfield code="9">(DE-588)7697760-2</subfield>
          </datafield>
          <datafield tag="PSW" ind1="-" ind2="1">
            <subfield code="s">Unternehmen</subfield>
            <subfield code="x">Soziale Verantwortung</subfield>
            <subfield code="9">(DE-588)7697760-2</subfield>
          </datafield>
          <datafield tag="PSW" ind1="-" ind2="1">
            <subfield code="s">Nachhaltige Entwicklung</subfield>
            <subfield code="9">(DE-588)4326464-5</subfield>
          </datafield>
          <datafield tag="PSW" ind1="-" ind2="1">
            <subfield code="s">Langfristige Entwicklung</subfield>
            <subfield code="9">(DE-588)4326464-5</subfield>
          </datafield>
          <datafield tag="PSW" ind1="-" ind2="1">
            <subfield code="s">Sustainable Development</subfield>
            <subfield code="9">(DE-588)4326464-5</subfield>
          </datafield>
          <datafield tag="PSW" ind1="-" ind2="1">
            <subfield code="s">Dauerhafte Entwicklung</subfield>
            <subfield code="9">(DE-588)4326464-5</subfield>
          </datafield>
          <datafield tag="PSW" ind1="-" ind2="1">
            <subfield code="s">Zukunftsfähige Entwicklung</subfield>
            <subfield code="9">(DE-588)4326464-5</subfield>
          </datafield>
          <datafield tag="PSW" ind1="-" ind2="1">
            <subfield code="s">Nachhaltige Entwicklung</subfield>
            <subfield code="9">(DE-588)4326464-5</subfield>
          </datafield>
          <datafield tag="PSW" ind1="-" ind2="1">
            <subfield code="s">Langfristige Entwicklung</subfield>
            <subfield code="9">(DE-588)4326464-5</subfield>
          </datafield>
          <datafield tag="PSW" ind1="-" ind2="1">
            <subfield code="s">Sustainable Development</subfield>
            <subfield code="9">(DE-588)4326464-5</subfield>
          </datafield>
          <datafield tag="PSW" ind1="-" ind2="1">
            <subfield code="s">Dauerhafte Entwicklung</subfield>
            <subfield code="9">(DE-588)4326464-5</subfield>
          </datafield>
          <datafield tag="PSW" ind1="-" ind2="1">
            <subfield code="s">Zukunftsfähige Entwicklung</subfield>
            <subfield code="9">(DE-588)4326464-5</subfield>
          </datafield>
          <datafield tag="PSW" ind1="-" ind2="1">
            <subfield code="s">Nachhaltige Entwicklung</subfield>
            <subfield code="9">(DE-588)4326464-5</subfield>
          </datafield>
          <datafield tag="PSW" ind1="-" ind2="1">
            <subfield code="s">Langfristige Entwicklung</subfield>
            <subfield code="9">(DE-588)4326464-5</subfield>
          </datafield>
          <datafield tag="PSW" ind1="-" ind2="1">
            <subfield code="s">Sustainable Development</subfield>
            <subfield code="9">(DE-588)4326464-5</subfield>
          </datafield>
          <datafield tag="PSW" ind1="-" ind2="1">
            <subfield code="s">Dauerhafte Entwicklung</subfield>
            <subfield code="9">(DE-588)4326464-5</subfield>
          </datafield>
          <datafield tag="PSW" ind1="-" ind2="1">
            <subfield code="s">Zukunftsfähige Entwicklung</subfield>
            <subfield code="9">(DE-588)4326464-5</subfield>
          </datafield>
          <datafield tag="PPE" ind1="-" ind2="1">
            <subfield code="p">Heger, W.</subfield>
            <subfield code="9">(DE-588)130881198</subfield>
          </datafield>
          <datafield tag="700" ind1=" " ind2=" ">
            <subfield code="a">QCN</subfield>
          </datafield>
          <datafield tag="OWN" ind1=" " ind2=" ">
            <subfield code="a">P0001</subfield>
            <subfield code="n">466 - Paderborn: UB</subfield>
          </datafield>
          <datafield tag="655" ind1=" " ind2=" ">
            <subfield code="y">100 Nachhaltigkeits- &amp; CR-Kennzahlen</subfield>
            <subfield code="t">VIEW</subfield>
            <subfield code="u">http://digitool.hbz-nrw.de:1801/webclient/DeliveryManager?pid=6767027&amp;custom_att_2=simple_viewer</subfield>
          </datafield>
          <datafield tag="TXT" ind1=" " ind2=" ">
            <subfield code="a">TITEL: 100 NACHHALTIGKEITS- &amp; CR-KENNZAHLEN AUTOR: JAHR: 2014 INHALTSVERZEICHNIS VORWORT HINWEISE ZUR BENUTZUNG DES HANDBUCHS ABKUERZUNGSVERZEICHNIS 1. DAS UNTERNEHMEN - ABSOLUTE KENNZAHLEN 3 5 12 17 OEKONOMISCHE-SRI-KENNZAHLEN GESAMTINVESTIONEN (CAPEX) IN ESG-BEREICHE DES GESCHAEFTSMODEIIS 2.2 DIREKT ERWIRTSCHAFTETER UND VERTEILTER WIRTSCHAFTLICHER WERT 2.3 ART UND UMFANG ERHEBLICHER INDIREKTER WIRTSCHAFTLICHER AUSWIRKUNGEN 2.4 FINANZIELLE KLIMAWANDELFOLGEN 2.5 AMORTISATIONSZEIT FUER NACHHALTIGKEITSINVESTITIONEN 2.6 PROZENTUALER ANTEIL NEUER ODER MODIFIZIERTER PRODUKTE 2.7 ANTEIL NEUER PRODUKTE DES KONZERNUMSATZES 2.8 ANTEIL DER MARKENAUSGABEN AM UMSATZ 2.9 FINANZIELLE UNTERSTUETZUNG VONSEITEN DER REGIERUNG 2.10 ANTEIL DER NACH ISO 9000 ZERTIFIZIERTEN PRODUKTIONSSTAETTEN 2.11 VERHAELTNIS STANDARDEINTRITTSGEHALT - LOKALER MINDESTLOHN NACH GESCHLECHT 2.12 VERHAELTNIS CEQ-MITARBEITER-LAHRESVERGUETUNG 2.13 JAHRESVERGUETUNG - HOECHSTBEZAHLTER ZU DURCHSCHNITTSNIVEAU NACH LAND 2.14 JAHRESVERGUETUNG - STEIGERUNG BEI HOECHSTBEZAHLTEM ZU DURCHSCHNITTSNIVEAU 2.15 MITARBEITERANTEIL AM UNTERNEHMENSKAPITAL 2.16 ANTEIL AN AUSGABEN AN LOKALE LIEFERANTEN 2.17 INNOVATIONSKAPAZITAET 2.18 STATUS DER PENSIONSFONDS 2.19 EIGENTUEMERSTRUKTUR NACH ANTEILEN 2.20 KUNDENZUFRIEDENHEIT 2.21 MITWIRKUNG AN NATIONALEN UND INTERNATIONALEN INITIATIVEN 2.22 ANTEILE EXTERN TESTIERTER CR-BERICHTERSTATTUNG 2.1 2. 35 36_ 37 38 39 40 41 42 43 44_ 45 46^ 47 48 49 50 51 52 53 54 55^ 56 HTTP://D-NB.INFO/1058699288 INHALTSVERZEICHNIS 3.</subfield>
          </datafield>
          <datafield tag="TXT" ind1=" " ind2=" ">
            <subfield code="a">3.1 3.2 3.3 3.4 3.5 3.6 3.7 3.8 3.9 3.10 3.11 3.12 3.13 3.14 3.15 3.16 3.17 3.18 3.19 3.20 3.21 UMWELT-SRI-KENNZAHLEN DIREKTE TREIBHAUSGASEMISSIONEN SEPPE 1 DES GHG PROTOCOL INDIREKTE TREIBHAUSGASEMISSIONEN SEPPE 2 DES GHG PROTOCOL WEITERE TREIBHAUSGASEMISSIPNEN SEPPE 3 DES GHG PROTOCOL GESAMTE TREIBHAUSGASEMISSIONEN ENERGIE - GESAMTVERBRAUCH INNERHALB DER ORGANISATION ENERGIEEINSPARUNGEN ENERGIEINTENSITAETSVERHAELTNIS ENERGIEPRODUKTIVITAET EINSPARUNGEN DES ENERGIEBEDARFS FUER PRODUKTE KOHLENSTOFFPRODUKTIVITAET KRAFTSTOFFVERBRAUCH UND C02-EFFIZIENZ BEI FAHRZEUGEN IN DER NUTZUNGSPHASE WAESSER - ZURUECKGEWONNENER UND WIEDERVERWERTETER ANTEIL ANTEIL VON RECYDINGMATERIAL AM GESAMTMATERIALEINSATZ ANTEIL VON RECYCELTEM ABFALL ABFALL - TRANSPORTIERT, IMPORTIERT, EXPORTIERT ODER BEHANDELT ANTEIL ZURUECKGENOMMENEN VERPACKUNGSMATERIALS ABFALLPRODUKTIVITAT ISO 14001 UND EMAS - ANTEIL ZERTIFIZIERTER PRODUKTIONSSTAETTEN ISO 9001 - ANTEIL ZERTIFIZIERTER PRODUKTIONSSTAETTEN ANTEIL DES LOGISTIKVOLUMENS UNTER EFFIZIENZMABNAHMEN BIODIVERSITAET - ANTEIL HIERNACH UEBERWACHTER UNTEMEHMENSFLAECHEN GESELLSCHAFTLICHE SRI-KENNZAHLEN - MITARBEITER GESAMTBELEGSCHAFT NACH BEFRISTUNG DES ARBEITSVERTRAGS GESAMTBELEGSCHAFT NACH ART DES ARBEITSVERTRAGS NEUE MITARBEITER - GESAMT UND ANTEIL - NACH REGION 59_ 60_ 61 62 63 64 65 66 67 68 69_ 70 71 72 73 74 75_ 76 77 78^ 79 4. 4.1 4.2 4.3 83 84 85 INHALTSVERZEICHNIS 4.4 4.5 4.6 4.7 4.8 4.9 4.10 4.11 4.12 4.13 4.14 4.15 4.16 4.17 4.18 4.19 4.20 4.21 4.22 4.23 4.24 4.25 4.26 4.27 4.28 4.29 4.30 ANTEIL LOKAL ANGEWORBENER FUEHRUNGSKRAEFTE FRAUENQUOTE GESAMT FRAUENQUOTE IN FUEHRUNGSPOSITIONEN FLUKTUATIONSQUOTE ANTEIL DER MITARBEITER UNTER KOLLEKTIWEREINBARUNGEN ANTEIL DER GESAMTBELEGSCHAFT UNTER UEBERWACHTEN ARBEITSSCHUTZPROGRAMMEN GESUNDHEIT - VERLETZUNGSRATE GESUNDHEIT - BERUFSKRANKHEITSRATE GESUNDHEIT - AUSFALLTAGEQUOTE GESUNDHEIT - ABWESENHEITSRATE</subfield>
          </datafield>
          <datafield tag="TXT" ind1=" " ind2=" ">
            <subfield code="a">BETRIEBLICHE TODESFAELLE ANTEIL DER NACH OHSAS 18001 ZERTIFIZIERTEN PRODUKTIONSSTAETTEN MITARBEITER AUS- UND WEITERBILDUNG - STUNDEN MITARBEITER AUS- UND WEITERBILDUNG - AUSGABEN MITARBEITER - LEISTUNGSBEURTEILUNG ANTEIL VARIABLER VERGUETUNGSBESTANDTEILE AN DER GESAMTVERGUETUNG VERHAELTNIS GRUNDGEHALT VON MAENNERN ZU FRAUEN RUECKKEHRRATE NACH ERZIEHUNGSURLAUB VERWEILRATE NACH ERZIEHUNGSURLAUB ANTEIL DER MITARBEITER ABGEDECKT DURCH EIN GESUNDHEITSUND SICHERHEITSSYSTEM MITARBEITERANTEIL UNTER BINDENDEN ARBEITSBEDINGUNGEN ANTEIL DER PRODUKTIONSSTAETTEN MIT LOKALER GEWERKSCHAFTLICHER VERTRETUNG MITARBEITERZUFRIEDENHEIT ANTEIL MITARBEITER MIT FLEXIBLEN ARBEITSZEITMODELLEN ANTEIL VON MITARBEITER MIT BEHINDERUNG AUSBILDUNGSQUOTE UEBERNAHMEQUOTE DER AUSZUBILDENDEN 86 87 88 89 90_ 91 92 93 94 95 96_ 97 98 99 100 101 102 103 104 105 L(TAE 107 108 109 110 111 112 INHALTSVERZEICHNIS 5. 5.1 5.2 5.3 5.4 5.5 5.6 5.7 1 GESELLSCHAFTLICHE SRI-KENNZAHLEN MENSCHENRECHTE MENSCHENRECHTE - GEPRUEFTE GESCHAEFTSSTANDORTE MENSCHENRECHTE - ANTEIL GESCHULTER MITARBEITER MENSCHENRECHTE - RATE GEPRUEFTER ZULIEFERER UND PARTNER MENSCHENRECHTE - RATE AUDITIERTER ZULIEFERER UND PARTNER MENSCHENRECHTE -SICHERHEITSPERSONAL MENSCHENRECHTE UND UREINWOHNER ZULIEFERER MIT RISIKO VON KINDERARBEIT IIS 116 117 118 119 120 121 6. 6.1 6.2 6.3 6.4 6.5 6.6 6.7 GESELLSCHAFTLICHE SRI-KENNZAHLENCOMPLIANCE, RECHT UND INTEGRITAET KORRUPTION - UMSATZANTEIL IN CPI KRITISCHEN LAENDERN KORRUPTION - UNTERSUCHTE GESCHAEFTSEINHEITEN UND STANDORTE KORRUPTION - GESCHULTE MITARBEITER MITARBEITER-ABDECKUNGSGRAD DES VERHALTENSKODEX UMWELT - BUSSGELDER COMPLIANCE - BUSSGELDER PRODUKTE - BUSSGELDER 125 126 127 128 129 130 131 7. 7.1 7.2 7.3 7.4 7.5 7.6 7.7 7.8 GESELLSCHAFTLICHE SRI-KENNZAHLEN - ZULIEFERER</subfield>
          </datafield>
          <datafield tag="TXT" ind1=" " ind2=" ">
            <subfield code="a">ANTEIL NEUER GEPRUEFTER ZULIEFERER - ARBEITSPRAKTIKEN ANTEIL NEUER GEPRUEFTER ZULIEFERER - GESELLSCHAFTLICHE AUSWIRKUNG ANTEIL GEPRUEFTER ZULIEFERER - UMWELTKRITERIEN ANTEIL ESG-BEWERTETER ZULIEFERER ANTEIL UNTER ESG-KRITERIEN AUDITIERTER ZULIEFERER ZULIEFERER MIT VERBINDLICHEN ANFORDERUNGEN AN ARBEITSBEDINGUNGEN ANTEIL DER ZULIEFERERVERTRAEGE MIT ESG-KLAUSELN GESUNDHEITSRATEN-ABWESENHEITSRATE BEI SUBLIEFERANTEN 135 136 137 138 139 140 141_ 142 INHALTSVERZEICHNIS _ 8. 8.1 8.2 8.3 8.4 8.5 GESELLSCHAFTLICHE SRL-KENNZAHLEN - ENGAGEMENT . IN POLITIK UND GEMEINDEN PROZENTUALE AUFTEILUNG PHILANTHROPISCHER SCHWERPUNKTAKTIVITAETEN ART DER PHILANTHROPISCHEN SCHWERPUNKTAKTIVITAETEN ZUWENDUNGEN AN PARTEIEN UND POLITIKER ZUWENDUNGEN AN PARTEIEN UND POLITIKER - UMSATZANTEIL GESCHAEFTSSTANDORTE MIT PROGRAMMEN FUER LOKALE GEMEINSCHAFT ; 145 146 147 148 149 ANHANG STICHWORTVERZEICHNIS LITERATURVERZEICHNIS 152 154</subfield>
          </datafield>
          <datafield tag="LOC" ind1=" " ind2=" ">
            <subfield code="m">BOOK</subfield>
            <subfield code="a">P0001</subfield>
            <subfield code="b">03</subfield>
            <subfield code="d">K5101</subfield>
            <subfield code="i">16/891</subfield>
            <subfield code="n">20</subfield>
            <subfield code="k">20160126</subfield>
            <subfield code="5">1840670-10</subfield>
          </datafield>
        </record>
      </metadata>
    </record>
  </ListRecords>
</OAI-PMH>
